2404 4160
937 331 958 406 7

70 434 252 539 agnoscimus
273 431 434 514 eximiam,
455 451 518 514 quo
538 433 665 496 consulti
680 433 758 498 Socii
773 435 896 522 Collegii
908 439 964 502 ho·

67 530 199 612 paradi,
221 531 391 598 Facultates
412 532 640 596 Academiarum
655 536 808 618 Medione,
826 559 881 601 nec
901 560 964 602 uon

67 630 201 694 Societas
222 629 311 694 Urbis
329 632 475 695 Dominae
490 633 742 718 pharmaceutica,
764 641 885 700 conatui
905 659 963 702 uo·

65 743 127 793 stro
141 752 314 793 succurrere
329 733 495 795 voluerunt.
517 735 669 810 sodalium
684 736 901 820 experientiae,
916 740 962 802 vel

64 831 148 896 lortc
164 829 353 893 assuetudini
375 836 474 914 potius
496 833 661 917 practicae,
681 833 712 896 in
733 836 851 900 delectu
866 838 964 922 cujus·

65 953 126 1014 que
147 929 318 1014 pharmaci,
337 929 369 991 iu
390 932 495 1014 quinta
525 935 582 997 hac
602 933 685 996 Libri
705 935 963 1002 Medicamentarii

66 1030 219 1108 editione,
235 1027 320 1113 aegre
335 1031 476 1094 obsistere
491 1032 568 1096 iuter
582 1056 636 1098 nos
649 1040 796 1100 convenit.
812 1029 965 1102 Celebris*-

64 1152 111 1192 res
132 1131 394 1212 Pharmacopoeas
416 1135 584 1214 peregrinas
604 1153 701 1216 neque
731 1135 885 1197 consulere
909 1155 964 1197 ne·

64 1229 229 1311 gleximus,
249 1241 281 1290 et
301 1230 443 1300 nonnulla
465 1233 495 1292 in
516 1230 575 1294 illis
592 1236 655 1314 jure
686 1235 871 1316 approbata,
901 1246 964 1298 tam

64 1332 246 1412 praescripta
255 1329 407 1402 chemica,
422 1352 510 1412 quam
525 1332 712 1414 composita,
726 1345 832 1396 mutuo
846 1346 963 1410 sumta,

65 1429 113 1490 hic
133 1433 264 1491 inserere
285 1430 479 1492 decrevimus.
501 1431 649 1514 Religioni
671 1431 778 1494 deinde
799 1431 854 1495 sibi
880 1435 964 1498 duxit

65 1530 252 1612 Collegium,
283 1530 383 1614 opiuta
414 1543 444 1592 ct
473 1531 690 1594 medicamenta
721 1535 964 1611 vehementiora,

63 1633 183 1692 heroica
204 1632 306 1708 dicta,
326 1630 359 1692 in
379 1632 571 1714 compositis,
593 1638 685 1696 veteri
708 1635 795 1718 plane
809 1635 964 1700 exhibitio·

63 1752 120 1806 nc,
142 1733 190 1795 vel
211 1729 299 1793 solita
320 1731 405 1807 dori,
428 1753 554 1796 servare.

104 1832 250 1910 Ordinem
271 1831 509 1914 alphabeticum,
531 1843 638 1914 utpote
655 1834 904 1912 commodiorem,
925 1852 958 1900 ct

61 1934 124 1994 fere
156 1931 253 2002 insciis
282 1931 461 2020 luciliorem,
485 1933 606 1996 ulterius
632 1919 821 1998 retinuimus.
855 1937 962 1998 Tabu-

61 2035 125 2096 lam
147 2055 269 2118 quoque
282 2035 455 2118 posologam
472 2035 700 2116 pharmacorum
715 2033 891 2098 validiorum
905 2038 962 2100 hae

62 2139 128 2196 vice
162 2133 365 2216 apposuimus.
399 2137 464 2194 Non
486 2132 542 2195 nisi
564 2135 695 2216 pondere
726 2134 891 2196 medicinali
911 2158 962 2198 va·

62 2237 204 2298 rlautium
225 2234 430 2317 liquidorum,
449 2236 491 2295 ita
511 2247 545 2296 ut
565 2233 728 2296 solidorum
750 2256 895 2296 summam
911 2257 962 2298 ae·

62 2336 183 2398 stimare
205 2336 306 2412 liceat,
327 2355 410 2395 mere
436 2355 546 2416 aquosa
577 2335 765 2420 solummodo
788 2335 961 2427 ‘mensurari

61 2456 237 2522 concessum
259 2434 311 2510 sit,
333 2457 401 2496 vase
423 2438 520 2595 talspeu
542 2432 584 2495 ita
605 2435 705 2516 lacto,
726 2446 760 2497 ut
788 2455 892 2498 omnes
913 2435 962 2498 di·

62 2535 192 2597 visiones
212 2533 344 2618 pondere
357 2533 478 2599 nomina
492 2555 526 2594 ae
541 2534 679 2594 Staterae
692 2535 822 2617 perlecta
835 2557 961 2618 respon·

62 2637 164 2698 deaut.
185 2639 231 2697 Ne
252 2635 387 2698 librando
408 2633 495 2696 aliter
515 2636 581 2714 quis
602 2654 686 2696 error
699 2632 833 2711 accidat,
853 2636 961 2698 statui·

61 2759 129 2798 mus
144 2781 153 2815 ,
176 2735 248 2796 natti
261 2734 292 2796 in
308 2751 480 2818 posterum,
501 2731 619 2794 Medico
633 2746 685 2796 aut
697 2735 961 2819 pharmaceuuao,

62 2835 177 2898 licitum
199 2833 255 2910 sit,
276 2835 494 2894 characteribus
515 2831 665 2914 figuratis,
696 2836 756 2896 sive
777 2833 866 2918 signis
893 2837 961 2898 che·

61 2931 430 3017 mico-pharmaceuticis,
451 2932 504 2994 sed
525 2931 615 2992 literis
637 2935 679 2992 uti
701 2933 823 2995 omnino
837 2955 959 3018 expres.

63 3039 111 3098 sis.
133 3039 248 3098 Datum
270 3034 407 3096 Holmiac
429 3055 465 3094 ex
487 3031 610 3093 aedibus
630 3034 713 3116 liegii
735 3033 858 3118 Collessii
873 3035 961 3098 Sani·

64 3135 132 3200 tatis
153 3133 290 3200 Calendis
310 3137 380 3218 Maii
402 3134 647 3204 lllDCCCXVll.
