2404 4160
397 307 594 357 oourosrrn
625 291 627 298 ⁴
904 277 950 377 75

85 427 234 508 Liquores
255 420 333 482 acidi
353 423 507 486 commixti
529 442 560 487 et
581 421 723 504 percolari
737 431 901 502 evaporant
916 419 948 478 iu

45 549 118 589 vase
140 523 235 586 vitreo
256 530 308 584 aut
330 521 504 592 murrbino.
525 525 622 585 donee
643 524 729 583 tertia
751 532 867 582 tantum
882 539 966 601 pars.

46 638 159 699 restet,
179 645 258 708 quae
279 624 450 704 refrigerata
470 623 600 696 colatur,
621 637 653 684 et
673 622 795 682 tandem
808 619 840 680 in
854 637 950 700 aquae

46 729 157 790 balneo
177 728 284 789 iterum
306 715 469 805 evaporat,
501 735 532 785 et
561 728 590 792 ia
615 721 767 805 crystallo·
787 717 950 802 redigitur,

47 849 126 910 quae
149 825 276 888 siceotae
297 827 460 885 seruantur.

417 1025 599 1090 aE't'ttttR.

196 1169 308 1231 Aether
327 1166 514 1244 vitriolatus,
537 1171 581 1230 vel
603 1168 715 1230 Aether
736 1165 807 1228 viui.

47 1311 88 1413 ld.
112 1332 247 1414 Spiritus
271 1329 461 1392 Concentrati
472 1373 482 1405 ‚

107 1431 203 1494 Aridi
223 1433 396 1513 Sulphurici
417 1444 515 1514 partes
535 1429 684 1513 aequales.

47 1534 192 1616 Spiritui,
211 1517 474 1594 retortae'vitreae
498 1532 651 1594 tabulatae
672 1533 791 1605 infuso,
824 1534 951 1594 Aridum

42 1633 261 1718 Sulphurieum
294 1632 502 1697 subtilissimae
530 1633 626 1696 instar
643 1634 773 1695 chordae
795 1631 951 1714 paullatim

46 1732 244 1809 admiscetur,
265 1754 314 1793 vas
336 1731 451 1800 interea
472 1730 643 1814 saepissime
664 1731 827 1813 agitando,
859 1743 893 1792 ut
914 1731 951 1791 li·

47 1857 127 1918 quor
146 1833 203 1896 tub
223 1832 412 1896 instillatione
433 1836 462 1892 in
483 1817 590 1916 gyrum
611 1847 777 1896 moveatur.
809 1834 951 1906 lietorta,

46 1935 209 1997 mixturam
231 1933 311 1994 illam
332 1933 526 1995 calescentem
541 1932 718 2006 continens,
740 1933 876 2015 excipulo
891 1955 953 1994 am·

46 2036 99 2119 plo
120 2039 178 2095 rite
198 2034 360 2116 adaptato,
381 2049 487 2094 arenae
502 2033 674 2108 calefactae,
695 2035 742 2094 vel
762 2035 864 2115 potius
890 2034 951 2094 haul
1016 2053 1018 2060 ⁴

46 2155 105 2195 neo
128 2155 226 2215 aquae
247 2133 362 2214 calido,
397 2131 583 2216 imponitur,
620 2145 655 2193 ut
684 2132 786 2252 liquor
814 2137 950 2215 protinus

7 2257 10 2270 ¹
48 2233 184 2296 ebulliat.

86 2325 130 2396 Ut
150 2332 318 2418 periculosa
340 2333 471 2397 evitetur
492 2336 644 2418 explode,
677 2335 814 2398 ebullitio
835 2357 951 2416 nequa·

47 2457 139 2519 mam
162 2445 308 2518 augetur,
328 2447 360 2497 et
380 2457 432 2499 aas
453 2435 599 2518 recipiens
621 2455 698 2518 aqua
719 2438 821 2519 frigida
836 2437 885 2497 rel
899 2459 952 2519 po·

46 2541 129 2610 tius,
164 2537 236 2598 data
266 2536 422 2598 occasione
438 2564 451 2608 ,¹
480 2537 722 2607 niae-continue
748 2537 950 2621 refrigeratur.

46 2637 217 2700 Destillatio
237 2639 448 2711 continuatur,
470 2649 563 2721 usque
585 2639 770 2702 demetriae
792 2640 950 2704 aethereae

46 2737 77 2800 in
98 2737 181 2799 eollo
211 2748 346 2798 retortae
374 2734 590 2820 dispellanturJ
606 2743 648 2800 'et
682 2751 784 2821 guttae
805 2741 950 2813 miratae,

46 2857 106 2896 non
129 2834 258 2916 amplius
279 2836 489 2912 cohaerentes,
519 2837 658 2898 striarum
690 2844 876 2900 ramosarum
908 2843 950 2898 in·
1006 2845 1009 2850 '

47 2949 129 3011 star,
151 2937 356 2998 observentur.

85 3037 201 3098 Aether
220 3035 260 3096 ab
280 3037 365 3096 auido
386 3053 417 3098 et
437 3040 541 3119 spiritu
563 3039 744 3104 adhaerente
765 3041 948 3125 depuratur

47 3139 73 3196 in
95 3156 171 3200 vase
190 3135 289 3198 clauso
309 3157 380 3196 eum
401 3137 519 3198 dimidia
535 3151 620 3222 parte
632 3161 744 3221 aquae
766 3163 834 3204 cum
860 3141 950 3239 Calor

46 3239 180 3298 caustica
201 3235 343 3316 mixtae,
353 3221 510 3318 diligenter
530 3241 707 3320 quassando.

87 3335 207 3416 Quae
199 3359 229 3398 m
250 3347 365 3398 retorta
386 3341 711 3419 mahumetanorum,
733 3348 802 3404 cuin
817 3327 949 3423 Spiritus

48 3435 242 3499 Concentrotr'
263 3454 347 3520 parte
369 3437 491 3500 dimidia
507 3437 599 3500 mixta
616 3445 767 3502 etiterum
789 3443 958 3520 destillata,·
1023 3427 1026 3432 ¹

46 3539 205 3608 Aetherem
228 3539 383 3620 producit,
405 3551 436 3600 et
457 3538 671 3624 idem·,pluries
691 3543 753 3604 lieri
775 3559 901 3626 potest.-
