2404 4160
223 302 248 374 6

223 450 271 498 tet·
291 435 464 498 obtulimus.
485 437 517 496 ln
538 441 655 500 secretis
676 439 808 500 Naturae
824 432 921 521 adytis
936 457 1128 520 persequen-

224 536 270 598 dis
283 541 449 598 acutissimo
460 538 477 597 J
489 561 505 597 n
517 559 533 595 c
544 559 563 598 ο
572 539 591 597 b
601 561 620 600 ο
643 541 665 600 Β
679 560 695 601 e
707 562 722 600 r
732 561 748 598 z
760 561 777 600 e
787 537 847 600 lio
868 548 985 608 nostro,
999 536 1128 600 chemici

223 637 368 719 cujusque
389 635 511 698 remedii
531 659 668 700 normam
697 639 835 700 dedimus
863 635 1128 722 praecipiendum,

223 741 425 819 terminosque
446 758 528 800 novo
549 738 761 800 Chemicorunt
784 737 939 821 systemati
959 758 1129 818 congruen-

223 849 288 911 tes,
310 837 513 900 obsoletorum
530 839 596 901 loco
609 885 618 910 ,
630 841 869 922 substituendos.
891 839 1129 900 Nomeucleturu

223 935 298 996 baec
318 936 460 1020 adoptata
481 937 629 999 nonnullis
649 940 731 1000 initio
752 941 847 1022 gravis
860 938 937 999 forte
951 948 981 999 et
996 937 1128 998 molesta

222 1035 376 1113 videntur,
398 1058 466 1098 cum
489 1059 559 1099 vero
580 1042 707 1122 genuino
728 1040 856 1122 portium
877 1035 1125 1098 constituentium

224 1137 349 1218 qualitas
368 1138 415 1200 vel
437 1136 566 1214 indoles,
587 1141 649 1220 ipsa
671 1135 898 1219 terminologie,
918 1137 1065 1198 indicetur·
1093 1148 1127 1197 et

224 1237 375 1298 evidenter
395 1236 571 1312 exhibetur,
596 1239 676 1298 brevi
697 1258 868 1320 speremus,
890 1257 1056 1298 sennonem
1088 1237 1127 1296 il·

225 1336 286 1395 lum
308 1335 347 1395 eb
368 1338 438 1397 erlis
457 1335 621 1398 cultoribus
647 1352 801 1418 occeptum
821 1335 866 1397 iri.
894 1333 1127 1410 Denominntio-

225 1457 293 1498 nem
313 1459 404 1520 porro
426 1437 659 1500 Phormecorum
675 1438 911 1519 compositorum
926 1458 943 1497 e
958 1434 1126 1518 praecipuis

226 1535 373 1598 contentis
394 1534 502 1598 rectius
523 1539 698 1599 sumendam
730 1557 793 1599 esse
824 1539 1006 1614 censuimus,
1032 1556 1127 1617 qttum

225 1657 243 1696 n
265 1635 372 1697 virtute
393 1651 561 1718 praesumto
582 1639 720 1711 medica,
740 1639 953 1718 nonnunquam
975 1634 1125 1718 ambigue.

225 1740 269 1799 Ut
289 1757 359 1797 vero
381 1739 475 1798 omnis
495 1740 524 1798 in
545 1735 673 1799 retenti
694 1736 837 1798 momenti
859 1735 1049 1814 obniteretur,
1071 1755 1126 1796 no·

92 1899 96 1908 ,
226 1839 308 1900 mine
328 1836 516 1900 usitatissime
537 1837 683 1920 vulgaris,
705 1835 767 1907 sire
787 1839 955 1918 antiquata,
981 1838 1126 1897 recentio-

112 1947 114 1951 ’
225 1937 307 2000 ribus
327 1937 527 2021 opposuimus.
551 1939 593 1998 Ut
612 1937 733 1998 demum
755 1936 844 1998 detur
863 1934 1027 2000 subsidium
1047 1934 1124 1997 tisu-

224 2038 270 2099 los
293 2035 457 2121 reperiendi
478 2048 628 2117 mutatos,
651 2034 739 2098 binus
760 2034 883 2098 occessit
904 2035 1007 2098 Index.

266 2139 300 2197 ln
322 2137 495 2199 edomando
515 2134 925 2218 nisteriaepbasmsceuticee
940 2134 1123 2218 supellectile

223 2237 453 2321 parsimoniam,
476 2235 538 2298 sive
560 2235 712 2318 pontisiam
733 2235 927 2319 incongruam
943 2257 1006 2298 esse
1020 2239 1122 2298 existi-

224 2339 386 2410 mavimus,
414 2356 467 2395 ese
496 2355 570 2396 vero
598 2331 730 2416 species,
751 2355 879 2416 querum
900 2333 1070 2416 praesentio
1090 2333 1122 2394 in

223 2435 389 2498 minoribus
411 2434 590 2518 oppidorum
621 2433 846 2518 provincialium
873 2431 1121 2517 pharmocopoliis
1181 2495 1182 2502 ,

224 2554 285 2597 non
309 2535 500 2618 postulatur,
520 2537 603 2616 sigero
623 2537 717 2595 crocis
746 2533 789 2615 (Τ)
810 2529 990 2595 indicentur.
1015 2535 1121 2594 ileme-

224 2638 342 2697 diosttns
362 2632 618 2716 compositorum,
639 2645 783 2714 quantum
803 2631 867 2694 fieri
888 2636 1002 2716 poluit,
1031 2632 1118 2694 luxu·

222 2737 297 2794 siem
325 2731 538 2806 diminuimus,
568 2746 600 2791 et
620 2752 680 2791 non
701 2734 755 2792 nisi
782 2751 851 2791 vere
883 2745 1005 2814 experte
1036 2730 1117 2814 operi

223 2833 291 2893 buic
311 2831 497 2893 inseruimus.
520 2827 761 2914 Pruescriptionis
774 2829 1007 2914 simplicitatem,
1027 2852 1116 2912 quatu

222 2932 311 2992 elisue
339 2929 528 2990 Medicorum
560 2927 686 2990 Sueuise
716 2930 827 3005 Putes,
849 2933 980 3012 ortisque
1000 2941 1116 3010 nostroe

222 3027 376 3092 rationulis
406 3027 436 3089 in
468 3031 565 3090 Patrio
596 3028 749 3103 eonditor,
769 3032 796 3091 lt
810 3032 910 3091 osen
932 3053 950 3090 n
971 3033 1116 3093 Roseu-

221 3131 351 3206 stein,
372 3127 485 3211 primus
505 3128 690 3206 introduxit,
709 3129 844 3213 religiose
864 3135 1060 3206 amovimus,
1083 3125 1114 3192 et

221 3226 357 3291 Rectoris
376 3228 465 3310 bujus
480 3230 672 3290 moderamen
684 3241 721 3292 et⁴
729 3243 852 3314 typum,
873 3230 896 3292 si
911 3233 1031 3314 quondo
1045 3235 1112 3292 um·

221 3324 342 3410 pliuium
372 3327 601 3409 pbssmocorum
627 3329 843 3412 compositione
874 3353 952 3416 opus
971 3331 1030 3412 sit,
1059 3336 1111 3394 seri

132 3508 138 3517 x
221 3425 370 3490 retiueent
389 3424 605 3508 discipulerum
625 3425 771 3508 discipuli.

261 3524 548 3597 omniexistens:
568 3546 773 3608 memoresque
804 3528 919 3612 pebliee
950 3528 1109 3594 subsidium
